<record><leader>00000cas a22000007a 4500</leader><controlfield tag="001">16969583</controlfield><controlfield tag="008">871112d18311833ohuwr ne      0    0eng d</controlfield><datafield ind1=" " ind2=" " tag="010"><subfield code="a">sn 87056825 </subfield></datafield><datafield ind1=" " ind2=" " tag="040"><subfield code="a">NPI</subfield><subfield code="b">eng</subfield><subfield code="c">NPI</subfield><subfield code="d">ONP</subfield><subfield code="d">OCLCQ</subfield></datafield><datafield ind1=" " ind2=" " tag="042"><subfield code="a">msc</subfield></datafield><datafield ind1="0" ind2="0" tag="245"><subfield code="a">Piqua gazette ; and Western atheneum of literature, news and politics.</subfield></datafield><datafield ind1=" " ind2=" " tag="260"><subfield code="a">Piqua, Ohio :</subfield><subfield code="b">J.A. &amp; D. Oliver Dooley</subfield></datafield><datafield ind1=" " ind2=" " tag="310"><subfield code="a">Weekly</subfield></datafield><datafield ind1="1" ind2=" " tag="362"><subfield code="a">Began in 1831; ceased in 1833?</subfield></datafield><datafield ind1=" " ind2=" " tag="588"><subfield code="a">Description based on: New ser., v. 3, no. 12 (Jan. 4, 1832).</subfield></datafield><datafield ind1=" " ind2=" " tag="752"><subfield code="a">United States</subfield><subfield code="b">Ohio</subfield><subfield code="c">Miami</subfield><subfield code="d">Piqua.</subfield></datafield><datafield ind1="0" ind2="0" tag="780"><subfield code="t">Piqua gazette and Miami farmers' general intelligencer</subfield><subfield code="w">(DLC)sn 85042615</subfield></datafield><datafield ind1="0" ind2="0" tag="785"><subfield code="t">Piqua gazette (Piqua, Ohio : 1833)</subfield><subfield code="w">(DLC)sn 88077117</subfield></datafield></record>